<?xml version="1.0" encoding="UTF-8"?><record xmlns="http://www.loc.gov/MARC21/slim" xmlns:cinclude="http://apache.org/cocoon/include/1.0" xmlns:zs="http://www.loc.gov/zing/srw/">
  <leader>00383nz  a2200121n  4500</leader>
  <controlfield tag="001">n  86833356 </controlfield>
  <controlfield tag="003">DLC</controlfield>
  <controlfield tag="005">19860612142841.6</controlfield>
  <controlfield tag="008">860612n| acannaab|          |n aad |||  </controlfield>
  <datafield tag="010" ind1=" " ind2=" ">
    <subfield code="a">n  86833356 </subfield>
  </datafield>
  <datafield tag="040" ind1=" " ind2=" ">
    <subfield code="a">DLC</subfield>
    <subfield code="c">DLC</subfield>
  </datafield>
  <datafield tag="100" ind1="1" ind2="0">
    <subfield code="a">Breunlin, C. M. T.</subfield>
  </datafield>
  <datafield tag="670" ind1=" " ind2=" ">
    <subfield code="a">nuc86-63480: Kies, J. Dissertatio physica de iride ... [MI] 1772</subfield>
    <subfield code="b">(hdg. on DNLM rept.: Breunlin, C.M.T.; usage: C.M.T. Breunlin)</subfield>
  </datafield>
</record>